<?xml version="1.0" encoding="utf-8"?>
<record xmlns="http://www.loc.gov/MARC21/slim" xmlns:xsi="http://www.w3.org/2001/XMLSchema-instance" xsi:schemaLocation="http://www.loc.gov/MARC21/slim http://www.loc.gov/standards/marcxml/schema/MARC21slim.xsd">
	<leader>     nam a22     Mi 4500</leader>
	<controlfield tag="001">b12375482</controlfield>
	<controlfield tag="003">LeBAU</controlfield>
	<controlfield tag="006">m        d        </controlfield>
	<controlfield tag="007">cr cn |||m|||a</controlfield>
	<controlfield tag="008">200122s1925    ua      o     ||0 0 ara d</controlfield>
	<datafield ind1=" " ind2=" " tag="040">
		<subfield code="a">ZYU</subfield>
		<subfield code="b">ara</subfield>
		<subfield code="e">rda</subfield>
		<subfield code="c">ZYU</subfield>
	</datafield>
	<datafield ind1="1" ind2=" " tag="041">
		<subfield code="a">ara</subfield>
		<subfield code="a">per</subfield>
		<subfield code="h">per</subfield>
	</datafield>
	<datafield ind1="0" ind2="4" tag="082">
		<subfield code="a">297.89</subfield>
		<subfield code="2">20</subfield>
	</datafield>
	<datafield ind1="0" ind2=" " tag="100">
		<subfield code="6">880-01</subfield>
		<subfield code="a">Baháʼuʼlláh,</subfield>
		<subfield code="d">1817-1892,</subfield>
		<subfield code="e">author.</subfield>
	</datafield>
	<datafield ind1="1" ind2="0" tag="245">
		<subfield code="6">880-02</subfield>
		<subfield code="a">Nubdhah min taʻālīm Ḥaḍrat Bahāʼ Allāh :</subfield>
		<subfield code="b">wa-talīhā tarjamatuhā al-ʻArabīyah /</subfield>
		<subfield code="c">Faraj Allāh Zakī al-Kurdī.</subfield>
	</datafield>
	<datafield ind1=" " ind2="1" tag="264">
		<subfield code="6">880-03</subfield>
		<subfield code="a">al-Qāhirah :</subfield>
		<subfield code="b">Faraj Allāh al-Kurdī,</subfield>
		<subfield code="c">1343 H. =  1925 M.</subfield>
	</datafield>
	<datafield ind1=" " ind2=" " tag="300">
		<subfield code="6">880-04</subfield>
		<subfield code="a">online resource (160 pages)</subfield>
	</datafield>
	<datafield ind1=" " ind2=" " tag="336">
		<subfield code="a">text</subfield>
		<subfield code="2">rdacontent</subfield>
	</datafield>
	<datafield ind1=" " ind2=" " tag="337">
		<subfield code="a">computer</subfield>
		<subfield code="2">rdamedia</subfield>
	</datafield>
	<datafield ind1=" " ind2=" " tag="338">
		<subfield code="a">online resource</subfield>
		<subfield code="2">rdacarrier</subfield>
	</datafield>
	<datafield ind1=" " ind2=" " tag="500">
		<subfield code="a">&quot;في عام (1338 هـ.) كنت ضمن المتشرفين بزيارة حضرة عبد البهاء بمدينة حيفا فالتمست من حضرته ان يأذن لي بترجمة بعض الألواح المشتملة على نبذ من تعاليم حضرة بهاء الله لتروي منها الأمة العربية غلتها فتفضل بالإذن بترجمة هذه الألواح الأربعة. ثم تفضل بما خلاصته ان الترجمة كالقشر والأصل كاللب لان الأصل في نهاية البلاغة والفصاحة فاين الثرى من الثريا وأين طنين الذباب من صرير العقاب - ولكن المقصد ان يشم الطالب رائحة من رياض تلك المعاني... فشمرت عن ساعد الجد مع حضرة ميرزا أسد الله الملقب بالفاضل المازندراني حسب أمر حضرته، ولما تمت الترجمة بمدينة حيفا عرضتها على حضرته.. فأمر بعرضها ايضا على المحفل الروحاني بالقاهرة فعرضتها عليه فأصلح منها ما كان محتاجا للإصلاح وأمر بطبعها هذا. ولكي يشرف القارى على سمو الأصل ونسبته للترجمة قد طبعنا الأصل اولا ثم عقبناه بالترجمة وحيث ان الأصل يحتوي على جمل عربية فقد ميزناها بقوسين هكذا () ومنها يعلم ان الاصل في غاية الفصاحة ونهاية البلاغة وان ما يرى من ضعف العبارة ما جاء الا من الترجمة.&quot;</subfield>
	</datafield>
	<datafield ind1=" " ind2=" " tag="500">
		<subfield code="a">&quot;مشتملة على ترجمة أربعة ألواح، أولها من صفحة 26 الى صفحة 102 ترجمة الاشراقيات، وثانيها من صفحة 106 الى صفحة 118 ترجمة البشارات، وثالثها من صفحة 121 الى صفحة 142 ترجمة الكلمات الفردوسية، ورابعها من صفحة 148 الى الآخر ترجمة الطرازات&quot;--غلاف.</subfield>
	</datafield>
	<datafield ind1=" " ind2=" " tag="500">
		<subfield code="a">Part of the Arabic Collections Online (ACO) project, contributed by American University of Beirut's Jafet Memorial Library.</subfield>
	</datafield>
	<datafield ind1=" " ind2=" " tag="533">
		<subfield code="a">Electronic reproduction.</subfield>
		<subfield code="b">New York, N.Y. :</subfield>
		<subfield code="c">New York University,</subfield>
		<subfield code="d">2020.</subfield>
		<subfield code="5">NNU</subfield>
	</datafield>
	<datafield ind1=" " ind2=" " tag="546">
		<subfield code="a">النص بالعربية والفارسية.</subfield>
	</datafield>
	<datafield ind1=" " ind2="4" tag="650">
		<subfield code="a">البهائية</subfield>
		<subfield code="x">عقائد.</subfield>
	</datafield>
	<datafield ind1=" " ind2="0" tag="650">
		<subfield code="a">Bahai Faith</subfield>
		<subfield code="x">Doctrines.</subfield>
	</datafield>
	<datafield ind1="1" ind2=" " tag="700">
		<subfield code="6">880-05</subfield>
		<subfield code="a">Kurdī, Faraj Allāh Zakī,</subfield>
		<subfield code="e">translator.</subfield>
	</datafield>
	<datafield ind1="2" ind2=" " tag="710">
		<subfield code="a">Jafet Memorial Library.</subfield>
	</datafield>
	<datafield ind1="0" ind2=" " tag="730">
		<subfield code="a">Arabic Collections Online.</subfield>
	</datafield>
	<datafield ind1="0" ind2="8" tag="776">
		<subfield code="i">Print version:</subfield>
		<subfield code="a">Baháʼuʼlláh, 1817-1892, author.</subfield>
		<subfield code="t">Nubdhah min taʻālīm Ḥaḍrat Bahāʼ Allāh</subfield>
		<subfield code="w">(LeBAU)b12375482</subfield>
	</datafield>
	<datafield ind1="4" ind2="0" tag="856">
		<subfield code="u">http://hdl.handle.net/2333.1/0rxwdn2c</subfield>
	</datafield>
	<datafield ind1="0" ind2=" " tag="880">
		<subfield code="6">100-01</subfield>
		<subfield code="a">بهاء الله،</subfield>
		<subfield code="d">1817-1892،</subfield>
		<subfield code="e">مؤلف.</subfield>
		<subfield code="4">aut.</subfield>
	</datafield>
	<datafield ind1="1" ind2="0" tag="880">
		<subfield code="6">245-02</subfield>
		<subfield code="a">نبذة من تعاليم حضرة بهاء الله :</subfield>
		<subfield code="b">وتليها ترجمتها العربية /</subfield>
		<subfield code="c">فرج الله ذكي الكردي.</subfield>
	</datafield>
	<datafield ind1=" " ind2="1" tag="880">
		<subfield code="6">264-03</subfield>
		<subfield code="a">القاهرة :</subfield>
		<subfield code="b">فرج الله الكردي،</subfield>
		<subfield code="c">1343 هـ. = 1925 م.</subfield>
	</datafield>
	<datafield ind1=" " ind2=" " tag="880">
		<subfield code="6">300-04</subfield>
		<subfield code="a">160 صفحة ؛</subfield>
		<subfield code="c">23 سم</subfield>
	</datafield>
	<datafield ind1="1" ind2=" " tag="880">
		<subfield code="6">700-05</subfield>
		<subfield code="a">الكردي، فرج الله زكي،</subfield>
		<subfield code="e">مترجم.</subfield>
		<subfield code="4">trl.</subfield>
	</datafield>
	<datafield ind1=" " ind2=" " tag="959">
		<subfield code="a">NNU</subfield>
		<subfield code="b">WEB</subfield>
		<subfield code="c">GENI</subfield>
		<subfield code="t">0</subfield>
		<subfield code="m">Electronic access</subfield>
		<subfield code="s">01</subfield>
	</datafield>
	<datafield ind1=" " ind2=" " tag="999">
		<subfield code="i">LeBAU_b12375482</subfield>
		<subfield code="s">aub_aco002485</subfield>
		<subfield code="e">(ERROR-MISC)</subfield>
		<subfield code="s">aub_aco002485</subfield>
	</datafield>
</record>
